@article{holcman2018single,
  title={Single particle trajectories reveal active endoplasmic reticulum luminal flow},
  author={Holcman, David and Parutto, Pierre and Chambers, Joseph E and \textbf{Marcus Fantham} and Young, Laurence J and Marciniak, Stefan J and Kaminski, Clemens F and Ron, David and Avezov, Edward},
  journal={Nature cell biology},
  pages={1},
  year={2018},
  publisher={Nature Publishing Group}
}

@article{moghadam2018computer,
  title={Computer-aided discovery of a metal--organic framework with superior oxygen uptake},
  author={Moghadam, Peyman Z and Islamoglu, Timur and Goswami, Subhadip and Exley, Jason and \textbf{Marcus Fantham} and Kaminski, Clemens F and Snurr, Randall Q and Farha, Omar K and Fairen-Jimenez, David},
  journal={Nature communications},
  volume={9},
  number={1},
  pages={1378},
  year={2018},
  publisher={Nature Publishing Group}
}

@article{lautenschlager2018c,
  title={C-terminal calcium binding of $\alpha$-synuclein modulates synaptic vesicle interaction},
  author={Lautenschl{\"a}ger, Janin and Stephens, Amberley D and Fusco, Giuliana and Str{\"o}hl, Florian and Curry, Nathan and Zacharopoulou, Maria and Michel, Claire H and Laine, Romain and Nespovitaya, Nadezhda and \textbf{Marcus Fantham} and others},
  journal={Nature communications},
  volume={9},
  number={1},
  pages={712},
  year={2018},
  publisher={Nature Publishing Group}
}

@article{teplensky2017temperature,
  title={Temperature treatment of highly porous zirconium-containing metal--organic frameworks extends drug delivery release},
  author={Teplensky, Michelle H and \textbf{Marcus Fantham} and Li, Peng and Wang, Timothy C and Mehta, Joshua P and Young, Laurence J and Moghadam, Peyman Z and Hupp, Joseph T and Farha, Omar K and Kaminski, Clemens F and Fairen-Jimenez, David},
  journal={Journal of the American Chemical Society},
  volume={139},
  number={22},
  pages={7522--7532},
  year={2017},
  publisher={ACS Publications}
}

@article{fantham2017new,
  title={A new online tool for visualization of volumetric data},
  author={\textbf{Marcus Fantham} and Kaminski, Clemens F},
  journal={Nature Photonics},
  volume={11},
  number={2},
  pages={69},
  year={2017},
  publisher={Nature Publishing Group}
}