% ------------------------------------------------------------------------
% BIBLIOGRAPHY FILE
% ------------------------------------------------------------------------

% ------------------- Books -------------------
@BOOK{Aup91,
 author={B. Aupetit},
 title={A {Primer} on {Spectral} {Theory}},
 publisher={Springer-Verlag},
 address={New York},
 year={1991},
}

@BOOK{Con90,
 author={J. B. Conway},
 title={A {Course} in {Functional} {Analysis}},
 edition={Second},
 publisher={Springer-Verlag},
 address={New York},
 year={1990},
}


@BOOK{bennett1995handbook,
 author={Jean M. Bennett},
 title={Handbook of Optics},
 volume={2},
 chapter={3},
 edition={2},
 year={1995},
 publisher={McGraw-Hill Inc.}
}

@book{alberts2013essential,
  title={Essential Cell Biology, Fourth Edition},
  author={Alberts, B. and Bray, D. and Hopkin, K. and Johnson, A. and Lewis, J. and Raff, M. and Roberts, K. and Walter, P.},
  isbn={9781317806271},
  url={https://books.google.co.uk/books?id=Cg4WAgAAQBAJ},
  year={2013},
  publisher={Taylor \& Francis Group}
}

@book{dyson1978cell,
  title={Cell biology: a molecular approach},
  author={Dyson, R.D.},
  isbn={9780205059423},
  lccn={77017813},
  url={https://books.google.co.uk/books?id=5dBqAAAAMAAJ},
  year={1978},
  publisher={Allyn and Bacon}
}

@book{alberts2002molecular,
    author = {Alberts, Bruce and Johnson, Alexander and Lewis, Julian and Raff, Martin and Roberts, Keith and Walter, Peter},
    edition = {6},
    howpublished = {Paperback},
    isbn = {0815344643},
    keywords = {ref-corpus, ref-transloc},
    priority = {2},
    publisher = {Garland Science},
    title = {{Molecular Biology of the Cell, Sixth Edition}},
    year = {2015}
}

@book{murray1993cell,
  title={The Cell Cycle: An Introduction},
  author={Murray, A.W. and Hunt, T.},
  isbn={9780195095296},
  lccn={gb94084455},
  url={https://books.google.co.uk/books?id=4nmOovzIc0IC},
  year={1993},
  publisher={Oxford University Press}
}

@book{lodish1999molecular,
  title={Molecular Cell Biology},
  author={Lodish, H.F.},
  isbn={9780716740827},
  url={https://books.google.co.uk/books?id=2j3CQgAACAAJ},
  year={1999},
  publisher={W H Freeman \& Company}
}

@article{chial2008tumor,
  title={Tumor suppressor (TS) genes and the two-hit hypothesis},
  author={Chial, H},
  journal={Nature Education},
  volume={1},
  number={1},
  pages={177},
  year={2008}
}



@book{lucretius1631,
publisher = {Apud Ioann: Ianssonium},
year = {1631},
title = {Titvs Lvcretivs Carvs: De rerum natura, 66\,BC},
language = {lat},
address = {Amstelodami},
author = {Lucretius Carus, Titus},
}



% ------------------- Articles -------------------
@ARTICLE{young2016guide,
  title={A guide to structured illumination {TIRF} microscopy at high speed with multiple colors},
  author={Young, Laurence J and Str{\"o}hl, Florian and Kaminski, Clemens F},
  journal={Journal of visualized experiments: JoVE},
  number={111},
  year={2016},
  publisher={MyJoVE Corporation}
}

@ARTICLE{oholleran2012polarization,
  title={Polarization effects on contrast in structured illumination microscopy},
  author={O’Holleran, Kevin and Shaw, Michael},
  journal={Optics letters},
  volume={37},
  number={22},
  pages={4603--4605},
  year={2012},
  publisher={Optical Society of America}
}

@article{oholleran2014optimized,
  title={Optimized approaches for optical sectioning and resolution enhancement in 2D structured illumination microscopy},
  author={O’Holleran, Kevin and Shaw, Michael},
  journal={Biomedical optics express},
  volume={5},
  number={8},
  pages={2580--2590},
  year={2014},
  publisher={Optical Society of America}
}

@ARTICLE{muller2016open,
  title={Open-source image reconstruction of super-resolution structured illumination microscopy data in {ImageJ}},
  author={M{\"u}ller, Marcel and M{\"o}nkem{\"o}ller, Viola and Hennig, Simon and H{\"u}bner, Wolfgang and Huser, Thomas},
  journal={Nature communications},
  volume={7},
  pages={10980},
  year={2016},
  publisher={Nature Publishing Group}
}


@ARTICLE{AAB95,
 author={Y. A. Abramovich and C. D. Aliprantis and O. Burkinshaw},
 title={Another Characterization of the Invariant Subspace Problem},
 journal={Operator Theory in Function Spaces and Banach Lattices.
          {\em The A.C.\,Zaanen Anniversary Volume},
          Operator Theory: Advances and Applications},
 volume={75},
 year={1995},
 pages={15-31},
 note={Birkh\"auser Verlag},
}

@ARTICLE{LM65,
 author={Ju. I. Ljubi\v{c} and V. I. Macaev},
 title={On Operators with a Separable Spectrum},
 journal={Amer. Math. Soc. Transl. (2)},
 volume={47},
 year={1965},
 pages={89-129},
}

@article{ozcan2012role,
  title={Role of endoplasmic reticulum stress in metabolic disease and other disorders},
  author={Ozcan, Lale and Tabas, Ira},
  journal={Annual review of medicine},
  volume={63},
  pages={317--328},
  year={2012},
  publisher={Annual Reviews}
}

@article{hubner2014membrane,
  title={Membrane-shaping disorders: a common pathway in axon degeneration},
  author={H{\"u}bner, Christian A and Kurth, Ingo},
  journal={Brain},
  volume={137},
  number={12},
  pages={3109--3121},
  year={2014},
  publisher={Oxford University Press}
} % This is reference 3 in our ER paper

@article{blackstone2011hereditary,
  title={Hereditary spastic paraplegias: membrane traffic and the motor pathway},
  author={Blackstone, Craig and O'kane, Cahir J and Reid, Evan},
  journal={Nature Reviews Neuroscience},
  volume={12},
  number={1},
  pages={31},
  year={2011},
  publisher={Nature Publishing Group}
} % This is reference 4 in our ER paper

@article{dayel1999diffusion,
  title={Diffusion of green fluorescent protein in the aqueous-phase lumen of endoplasmic reticulum},
  author={Dayel, Mark J and Hom, Erik FY and Verkman, AS},
  journal={Biophysical journal},
  volume={76},
  number={5},
  pages={2843--2851},
  year={1999},
  publisher={Elsevier}
} % This is reference 5 in our ER paper

@article{nehls2000dynamics,
  title={Dynamics and retention of misfolded proteins in native ER membranes},
  author={Nehls, Sarah and Snapp, Erik L and Cole, Nelson B and Zaal, Kristien JM and Kenworthy, Anne K and Roberts, Theresa H and Ellenberg, Jan and Presley, John F and Siggia, Eric and Lippincott-Schwartz, Jennifer},
  journal={Nature cell biology},
  volume={2},
  number={5},
  pages={288},
  year={2000},
  publisher={Nature Publishing Group}
} % This is reference 6 in our ER paper

@article{subramanian1997calcium,
  title={Calcium-induced restructuring of nuclear envelope and endoplasmic reticulum calcium stores},
  author={Subramanian, Kala and Meyer, Tobias},
  journal={Cell},
  volume={89},
  number={6},
  pages={963--971},
  year={1997},
  publisher={Elsevier}
} % This is reference 21 in our ER paper 

@article{giudice2014hereditary,
  title={Hereditary spastic paraplegia: clinical-genetic characteristics and evolving molecular mechanisms},
  author={Giudice, Temistocle Lo and Lombardi, Federica and Santorelli, Filippo Maria and Kawarai, Toshitaka and Orlacchio, Antonio},
  journal={Experimental neurology},
  volume={261},
  pages={518--539},
  year={2014},
  publisher={Elsevier}
} % This is reference 22 in our ER paper

@article{phillips2016structure,
  title={Structure and function of ER membrane contact sites with other organelles},
  author={Phillips, Melissa J and Voeltz, Gia K},
  journal={Nature reviews Molecular cell biology},
  volume={17},
  number={2},
  pages={69},
  year={2016},
  publisher={Nature Publishing Group}
}

@article{chakraborty2017therapeutic,
  title={Therapeutic miRNA and siRNA: moving from bench to clinic as next generation medicine},
  author={Chakraborty, Chiranjib and Sharma, Ashish Ranjan and Sharma, Garima and Doss, C George Priya and Lee, Sang-Soo},
  journal={Molecular Therapy-Nucleic Acids},
  volume={8},
  pages={132--143},
  year={2017},
  publisher={Elsevier}
}

@article{valm2017applying,
  title={Applying systems-level spectral imaging and analysis to reveal the organelle interactome},
  author={Valm, Alex M and Cohen, Sarah and Legant, Wesley R and Melunis, Justin and Hershberg, Uri and Wait, Eric and Cohen, Andrew R and Davidson, Michael W and Betzig, Eric and Lippincott-Schwartz, Jennifer},
  journal={Nature},
  volume={546},
  number={7656},
  pages={162},
  year={2017},
  publisher={Nature Publishing Group}
}

@article{ozkar2002nanocluster,
  title={Nanocluster formation and stabilization fundamental studies. 2. Proton sponge as an effective H+ scavenger and expansion of the anion stabilization ability series},
  author={{\"O}zkar, Saim and Finke, Richard G},
  journal={Langmuir},
  volume={18},
  number={20},
  pages={7653--7662},
  year={2002},
  publisher={ACS Publications}
}

@article{goodsell1991inside,
  title={Inside a living cell},
  author={Goodsell, David S},
  journal={Trends in biochemical sciences},
  volume={16},
  pages={203--206},
  year={1991},
  publisher={Elsevier}
}

@article{cervia2017distinct,
  title={Distinct effects of endosomal escape and inhibition of endosomal trafficking on gene delivery via electrotransfection},
  author={Cervia, Lisa D and Chang, Chun-Chi and Wang, Liangli and Yuan, Fan},
  journal={PloS one},
  volume={12},
  number={2},
  pages={e0171699},
  year={2017},
  publisher={Public Library of Science}
}

@article{ahmad2015trends,
  title={Trends in the lifetime risk of developing cancer in Great Britain: comparison of risk for those born from 1930 to 1960},
  author={Ahmad, AS and Ormiston-Smith, N and Sasieni, PD},
  journal={British journal of cancer},
  volume={112},
  number={5},
  pages={943},
  year={2015},
  publisher={Nature Publishing Group}
}

@article{teplensky2017temperature,
  title={Temperature treatment of highly porous zirconium-containing metal--organic frameworks extends drug delivery release},
  author={Teplensky, Michelle H and Fantham, Marcus and Li, Peng and Wang, Timothy C and Mehta, Joshua P and Young, Laurence J and Moghadam, Peyman Z and Hupp, Joseph T and Farha, Omar K and Kaminski, Clemens F and Fairen-Jimenez, David},
  journal={Journal of the American Chemical Society},
  volume={139},
  number={22},
  pages={7522--7532},
  year={2017},
  publisher={ACS Publications}
}

@article{fantham2017new,
  title={A new online tool for visualization of volumetric data},
  author={Fantham, Marcus and Kaminski, Clemens F},
  journal={Nature Photonics},
  volume={11},
  number={2},
  pages={69},
  year={2017},
  publisher={Nature Publishing Group}
}

@article{abanades2018mechanistic,
  title={Mechanistic Investigation into the Selective Anticancer Cytotoxicity and Immune System Response of Surface-Functionalized, Dichloroacetate-Loaded, UiO-66 Nanoparticles},
  author={Ab{\'a}nades L{\'a}zaro, Isabel and Haddad, Salame and Rodrigo-Mu{\~n}oz, Jos{\'e} M and Orellana-Tavra, Claudia and del Pozo, Victoria and Fairen-Jimenez, David and Forgan, Ross S},
  journal={ACS applied materials \& interfaces},
  volume={10},
  number={6},
  pages={5255--5268},
  year={2018},
  publisher={ACS Publications}
}

@article{chhetri2015whole,
  title={Whole-animal functional and developmental imaging with isotropic spatial resolution},
  author={Chhetri, Raghav K and Amat, Fernando and Wan, Yinan and H{\"o}ckendorf, Burkhard and Lemon, William C and Keller, Philipp J},
  journal={Nature methods},
  volume={12},
  number={12},
  pages={1171},
  year={2015},
  publisher={Nature Publishing Group}
}

@article{levoy1988volume,
  title={Volume rendering—visible volume rendering},
  author={Levoy, M},
  journal={Computer Graphics and Applications},
  volume={8},
  pages={29--37},
  year={1988}
}

@article{sharpe2002optical,
  title={Optical projection tomography as a tool for 3D microscopy and gene expression studies},
  author={Sharpe, James and Ahlgren, Ulf and Perry, Paul and Hill, Bill and Ross, Allyson and Hecksher-S{\o}rensen, Jacob and Baldock, Richard and Davidson, Duncan},
  journal={Science},
  volume={296},
  number={5567},
  pages={541--545},
  year={2002},
  publisher={American Association for the Advancement of Science}
}

@article{xu2015delivery,
  title={Delivery systems for siRNA drug development in cancer therapy},
  author={Xu, Cong-fei and Wang, Jun},
  journal={asian journal of pharmaceutical sciences},
  volume={10},
  number={1},
  pages={1--12},
  year={2015},
  publisher={Elsevier}
}

@article{chiu2004visualizing,
  title={Visualizing a correlation between siRNA localization, cellular uptake, and RNAi in living cells},
  author={Chiu, Ya-Lin and Ali, Akbar and Chu, Chia-ying and Cao, Hong and Rana, Tariq M},
  journal={Chemistry \& biology},
  volume={11},
  number={8},
  pages={1165--1175},
  year={2004},
  publisher={Elsevier}
}

@article{michelakis2008dichloroacetate,
  title={Dichloroacetate (DCA) as a potential metabolic-targeting therapy for cancer},
  author={Michelakis, ED and Webster, L and Mackey, JR},
  journal={British journal of cancer},
  volume={99},
  number={7},
  pages={989},
  year={2008},
  publisher={Nature Publishing Group}
}

@article{soutschek2004therapeutic,
  title={Therapeutic silencing of an endogenous gene by systemic administration of modified siRNAs},
  author={Soutschek, J{\"u}rgen and Akinc, Akin and Bramlage, Birgit and Charisse, Klaus and Constien, Rainer and Donoghue, Mary and Elbashir, Sayda and Geick, Anke and Hadwiger, Philipp and Harborth, Jens and others},
  journal={Nature},
  volume={432},
  number={7014},
  pages={173},
  year={2004},
  publisher={Nature Publishing Group}
}

@article{liu2017efficient,
  title={Efficient dual siRNA and drug delivery using engineered lipoproteoplexes},
  author={Liu, Che Fu and Chen, Raymond and Frezzo, Joseph A and Katyal, Priya and Hill, Lindsay K and Yin, Liming and Srivastava, Nikita and More, Haresh T and Renfrew, P Douglas and Bonneau, Richard and others},
  journal={Biomacromolecules},
  volume={18},
  number={9},
  pages={2688--2698},
  year={2017},
  publisher={ACS Publications}
}

@article{kumar2014dual,
  title={Dual-view plane illumination microscopy for rapid and spatially isotropic imaging},
  author={Kumar, Abhishek and Wu, Yicong and Christensen, Ryan and Chandris, Panagiotis and Gandler, William and McCreedy, Evan and Bokinsky, Alexandra and Col{\'o}n-Ramos, Daniel A and Bao, Zhirong and McAuliffe, Matthew and Rondeau, G and Schroff, Hari},
  journal={nature protocols},
  volume={9},
  number={11},
  pages={2555},
  year={2014},
  publisher={Nature Publishing Group}
}

@article{mayer2014optispim,
  title={OPTiSPIM: integrating optical projection tomography in light sheet microscopy extends specimen characterization to nonfluorescent contrasts},
  author={Mayer, J{\"u}rgen and Robert-Moreno, Alexandre and Danuser, Renzo and Stein, Jens V and Sharpe, James and Swoger, Jim},
  journal={Optics letters},
  volume={39},
  number={4},
  pages={1053--1056},
  year={2014},
  publisher={Optical Society of America}
}

@article{huang2016ultra,
  title={Ultra-high resolution 3D imaging of whole cells},
  author={Huang, Fang and Sirinakis, George and Allgeyer, Edward S and Schroeder, Lena K and Duim, Whitney C and Kromann, Emil B and Phan, Thomy and Rivera-Molina, Felix E and Myers, Jordan R and Irnov, Irnov and others},
  journal={Cell},
  volume={166},
  number={4},
  pages={1028--1040},
  year={2016},
  publisher={Elsevier}
}

@article{carpenter2006cellprofiler,
  title={CellProfiler: image analysis software for identifying and quantifying cell phenotypes},
  author={Carpenter, Anne E and Jones, Thouis R and Lamprecht, Michael R and Clarke, Colin and Kang, In Han and Friman, Ola and Guertin, David A and Chang, Joo Han and Lindquist, Robert A and Moffat, Jason and others},
  journal={Genome biology},
  volume={7},
  number={10},
  pages={R100},
  year={2006},
  publisher={BioMed Central}
}

@article{holcman2018single,
  title={Single particle trajectories reveal active endoplasmic reticulum luminal flow},
  author={Holcman, David and Parutto, Pierre and Chambers, Joseph E and Fantham, Marcus and Young, Laurence J and Marciniak, Stefan J and Kaminski, Clemens F and Ron, David and Avezov, Edward},
  journal={Nature cell biology},
  pages={1},
  year={2018},
  publisher={Nature Publishing Group}
}

@article{lautenschlager2018c,
  title={C-terminal calcium binding of $\alpha$-synuclein modulates synaptic vesicle interaction},
  author={Lautenschl{\"a}ger, Janin and Stephens, Amberley D and Fusco, Giuliana and Str{\"o}hl, Florian and Curry, Nathan and Zacharopoulou, Maria and Michel, Claire H and Laine, Romain and Nespovitaya, Nadezhda and Fantham, Marcus and others},
  journal={Nature communications},
  volume={9},
  number={1},
  pages={712},
  year={2018},
  publisher={Nature Publishing Group}
}

@article{moghadam2018computer,
  title={Computer-aided discovery of a metal--organic framework with superior oxygen uptake},
  author={Moghadam, Peyman Z and Islamoglu, Timur and Goswami, Subhadip and Exley, Jason and Fantham, Marcus and Kaminski, Clemens F and Snurr, Randall Q and Farha, Omar K and Fairen-Jimenez, David},
  journal={Nature communications},
  volume={9},
  number={1},
  pages={1378},
  year={2018},
  publisher={Nature Publishing Group}
}



@article{arganda2017trainable,
  title={Trainable Weka Segmentation: a machine learning tool for microscopy pixel classification},
  author={Arganda-Carreras, Ignacio and Kaynig, Verena and Rueden, Curtis and Eliceiri, Kevin W and Schindelin, Johannes and Cardona, Albert and Sebastian Seung, H},
  journal={Bioinformatics},
  volume={33},
  number={15},
  pages={2424--2426},
  year={2017},
  publisher={Oxford University Press}
}

@article{mosmann1983rapid,
  title={Rapid colorimetric assay for cellular growth and survival: application to proliferation and cytotoxicity assays},
  author={Mosmann, Tim},
  journal={Journal of immunological methods},
  volume={65},
  number={1-2},
  pages={55--63},
  year={1983},
  publisher={Elsevier}
}

@article{nadeem2014mathematical,
  title={The mathematical analysis for peristaltic flow of nano fluid in a curved channel with compliant walls},
  author={Nadeem, S and Maraj, EN},
  journal={Applied Nanoscience},
  volume={4},
  number={1},
  pages={85--92},
  year={2014},
  publisher={Springer}
}

% ------------------- Other, including theses -------------------

% Actually, could be useful to reference Laurie's PhD thesis
@MASTERSTHESIS{Sim90,
 author={A. Simoni\v{c}},
 title={Grupe Operatorjev s Pozitivnim Spektrom},
 school={Univerza v Ljubljani, FNT, Oddelek za Matematiko},
 year={1990},
}

@PHDTHESIS{Sim94,
 author={A. Simoni\v{c}},
 title={An {Extension} of {Lomonosov's} {Techniques} to {Non}-{Compact}
       {Operators}},
 school={Dalhousie University,
         Department of Mathematics, Statistics, \& Computing Science},
 year={1994},
}

% Any unpublished stuff to referecne? Follow this template!
@UNPUBLISHED{Sim91,
 author={A. Simoni\v{c}},
 title={Notes on {Subharmonic} {Functions}},
 note={Lecture Notes, Dalhousie University,
       Department of Mathematics, Statistics, \& Computing Science},
 year={1991},
}

% Should probably have some conference preceedings too, eg. SIGRAPH from visualisation chapter

@inproceedings{torrence2006martin,
  title={Martin Newell's original teapot},
  author={Torrence, Ann},
  booktitle={ACM SIGGRAPH 2006 Teapot Copyright restrictions prevent ACM from providing the full text for the Teapot exhibits},
  pages={29},
  year={2006},
  organization={ACM}
}

% Online webpage references: Biblatex allows the online style, but since we're just using Bibtex using the misc style

@misc{wikicell,
	title = {{File:Animal Cell.svg - Wikimedia Commons}},
	author = {{Kelvinsong}},
	year = {2012},
	howpublished = {\url{https://commons.wikimedia.org/wiki/File:Animal_Cell.svg}},
	note = {Accessed: 2018-10-10}
}

@misc{caniuse,
	title = {{Can I Use... Support tables for HTML5, CSS3, etc}},
	author = {{@Fyrd} and {@Lensco}},
	year = {2013},
	howpublished = {\url{https://caniuse.com/#feat=webgl}},
	note = {Accessed: 2018-10-10}
}

@misc{cardboard,
	title = {{Google Cardboard - Google VR}},
	author = {{Google}},
	year = {2018},
	howpublished = {\url{https://vr.google.com/cardboard/}},
	note = {Accessed: 2018-10-10}
}

@misc{liveslides,
	title = {{LiveSlides - Embed any website in a PowerPoint or Keynote presentation}},
	year = {2016},
	author = {{Poll Everywhere}},
	howpublished = {\url{https://www.liveslides.com/}},
	note = {Accessed: 2018-10-10}
}

@misc{graphpadprism,
	title = {{Graphpad Prism version 7.04 for Windows}},
	year = {1995},
	author = {{GraphPad Software}},
	howpublished = {\url{https://www.graphpad.com/}},
	note = {Accessed: 2018-10-10}
}

@misc{sirnapatent,
	title = {{Espacenet - results view}},
	year = {2018},
	author = {{European Patent Office}},
	howpublished = {\url{https://worldwide.espacenet.com/searchResults?query=sirna+and+cancer}},
	note = {Accessed: 2018-10-15}
}

@misc{thermolipofectamine,
	title = {{}},
	year = {2018},
	author = {{ThermoFisher Scientific}},
	howpublished = {\url{https://www.thermofisher.com/uk/en/home/brands/product-brand/lipofectamine.html}},
	note = {Accessed: 2018-10-15}
}

@misc{mtsassay,
	title = {{MTS Assay Kit (Cell Proliferation) (Colorimetric)}},
	year = {2018},
	author = {{Abcam plc.}},
	howpublished = {\url{https://www.abcam.com/mts-assay-kit-cell-proliferation-colorimetric-ab197010.html}},
	note = {Accessed: 2018-10-17}
}

% nb: not a webpage! 
@misc{warburg1930uber,
  title={{\"U}ber den stoffwechsel der tumoren (London: Constable)},
  author={Warburg, O},
  year={1930},
  publisher={London}
}